<?xml version="1.0" encoding="UTF-8"?><record xmlns="http://www.loc.gov/MARC21/slim" xmlns:cinclude="http://apache.org/cocoon/include/1.0" xmlns:zs="http://www.loc.gov/zing/srw/">
  <leader>00357cz  a2200121n  4500</leader>
  <controlfield tag="001">n  82247268 </controlfield>
  <controlfield tag="003">DLC</controlfield>
  <controlfield tag="005">20141208113736.0</controlfield>
  <controlfield tag="008">840124n| azannaab           |n aaa      </controlfield>
  <datafield tag="010" ind1=" " ind2=" ">
    <subfield code="a">n  82247268 </subfield>
  </datafield>
  <datafield tag="040" ind1=" " ind2=" ">
    <subfield code="a">DLC</subfield>
    <subfield code="b">eng</subfield>
    <subfield code="e">rda</subfield>
    <subfield code="c">DLC</subfield>
    <subfield code="d">DLC</subfield>
  </datafield>
  <datafield tag="100" ind1="1" ind2=" ">
    <subfield code="a">Lehman, Larry E.</subfield>
  </datafield>
  <datafield tag="670" ind1=" " ind2=" ">
    <subfield code="a">His Ind. fur harvests, 1700-1980, 1982:</subfield>
    <subfield code="b">t.p. (Larry E. Lehman; wildlife rsch. biologist)</subfield>
  </datafield>
</record>